@book{ltspice-book,
  author         = {Gordon W. Roberts},
  editor         = {},
  publisher      = {},
  title          = {LTSPICE For Microelectronic Circuits},
  year           = {2020},
  url            = {https://www.ece.mcgill.ca/~grober4/SPICE/SPICE_Decks/LTspicedecks_ed1_index.html},
  edition        = {1}
}